@article{Sadler1998,
author = {Sadler, D. Royce},
doi = {10.1007/BF00117714},
file = {:Users/Andreu/Desktop/MAC-Resources-FormativeAssessmentDesignSystems.pdf:pdf},
issn = {0969-594X},
journal = {Instructional Science},
keywords = {a grade is essentially,a symbolic representation of,academic achievement,as,attained by a student,credit or pass,distinction,grade inflation,grades,grades that represent,grading,grading poli cy,merit,short verbal descriptors such,the grade symbols are,the level of achievement,the main focus in,this article is on,usually alphanumeric characters or},
number = {1},
pages = {52909},
title = {{Formative assessment and the design of instructional systems}},
url = {http://link.springer.com/10.1007/BF00117714$\backslash$nhttp://www.tandfonline.com/doi/abs/10.1080/0969595980050104},
volume = {5},
year = {1998}
}
